<?xml version="1.0" encoding="UTF-8"?><record xmlns="http://www.loc.gov/MARC21/slim" xmlns:cinclude="http://apache.org/cocoon/include/1.0" xmlns:zs="http://www.loc.gov/zing/srw/">
  <leader>00767cz  a2200169n  4500</leader>
  <controlfield tag="001">n  81140985 </controlfield>
  <controlfield tag="003">DLC</controlfield>
  <controlfield tag="005">20120801080946.0</controlfield>
  <controlfield tag="008">811208n| acannaabn          |a aaa      </controlfield>
  <datafield tag="010" ind1=" " ind2=" ">
    <subfield code="a">n  81140985 </subfield>
  </datafield>
  <datafield tag="035" ind1=" " ind2=" ">
    <subfield code="a">(OCoLC)oca00685796</subfield>
  </datafield>
  <datafield tag="040" ind1=" " ind2=" ">
    <subfield code="a">DLC</subfield>
    <subfield code="b">eng</subfield>
    <subfield code="c">DLC</subfield>
    <subfield code="d">OCoLC</subfield>
    <subfield code="d">DLC</subfield>
  </datafield>
  <datafield tag="100" ind1="1" ind2=" ">
    <subfield code="a">Grimoüard, Henri,</subfield>
    <subfield code="c">vicomte de</subfield>
  </datafield>
  <datafield tag="400" ind1="1" ind2=" ">
    <subfield code="a">De Grimoüard, Henri,</subfield>
    <subfield code="c">vicomte</subfield>
  </datafield>
  <datafield tag="667" ind1=" " ind2=" ">
    <subfield code="a">THIS 1XX FIELD CANNOT BE USED UNDER RDA UNTIL THIS RECORD HAS BEEN REVIEWED AND/OR UPDATED</subfield>
  </datafield>
  <datafield tag="670" ind1=" " ind2=" ">
    <subfield code="a">His L'amiral de Grimoüard au Port-au-Prince, d'après sa correspondance et son journal de bord, mars 1791-juillet 1792, 1937:</subfield>
    <subfield code="b">t.p. (vicomte Henri de Grimoüard)</subfield>
  </datafield>
  <datafield tag="670" ind1=" " ind2=" ">
    <subfield code="a">Librairie française, 1933 à 1945</subfield>
    <subfield code="b">(Grimoüard, Henri de. L'amiral de Grimoüard au Port-au-Prince, 1938)</subfield>
  </datafield>
</record>